<?xml version="1.0" encoding="utf-8"?>
<record xmlns="http://www.loc.gov/MARC21/slim" xmlns:xsi="http://www.w3.org/2001/XMLSchema-instance" xsi:schemaLocation="http://www.loc.gov/MARC21/slim http://www.loc.gov/standards/marcxml/schema/MARC21slim.xsd">
	<leader>     nam a22        4500</leader>
	<controlfield tag="001">b12362098</controlfield>
	<controlfield tag="003">LeBAU</controlfield>
	<controlfield tag="006">m        d        </controlfield>
	<controlfield tag="007">cr cn |||m|||a</controlfield>
	<controlfield tag="008">170830s1907    ua      o     ||0 0 ara d</controlfield>
	<datafield ind1=" " ind2=" " tag="040">
		<subfield code="a">NNU</subfield>
		<subfield code="b">ara</subfield>
		<subfield code="e">rda</subfield>
		<subfield code="c">NNU</subfield>
	</datafield>
	<datafield ind1=" " ind2="4" tag="050">
		<subfield code="a">BP166.78</subfield>
		<subfield code="b">.I36 1907</subfield>
	</datafield>
	<datafield ind1="0" ind2="4" tag="082">
		<subfield code="a">297.3</subfield>
		<subfield code="2">22</subfield>
	</datafield>
	<datafield ind1="1" ind2=" " tag="100">
		<subfield code="6">880-01</subfield>
		<subfield code="a">Ibn Taymīyah, Aḥmad ibn ʻAbd al-Ḥalīm,</subfield>
		<subfield code="d">1263-1328,</subfield>
		<subfield code="e">author.</subfield>
	</datafield>
	<datafield ind1="1" ind2="0" tag="245">
		<subfield code="6">880-02</subfield>
		<subfield code="a">Kitāb al-Īmān /</subfield>
		<subfield code="c">ta’līf Shaykh al-Islām Taqī al-Dīn Abī al-‘Abbās Aḥmad ibn Taymīyah al-Ḥarrānī al-mutawaffá sanat 728 ; ʻUniyá bi-taṣḥīḥihi al-Sayyid Muḥammad Badr al-Dīn Naʻsānī al-Ḥalabī.</subfield>
	</datafield>
	<datafield ind1="3" ind2="0" tag="246">
		<subfield code="6">880-03</subfield>
		<subfield code="a">Īmān</subfield>
	</datafield>
	<datafield ind1=" " ind2=" " tag="250">
		<subfield code="6">880-04</subfield>
		<subfield code="a">al-Ṭab‘ah al-ūlá.</subfield>
	</datafield>
	<datafield ind1=" " ind2="1" tag="264">
		<subfield code="6">880-05</subfield>
		<subfield code="a">Miṣr :</subfield>
		<subfield code="b">Maṭba‘at al-Sā‘ādah,</subfield>
		<subfield code="c">1325 H., [1907? M.]</subfield>
	</datafield>
	<datafield ind1=" " ind2=" " tag="300">
		<subfield code="6">880-06</subfield>
		<subfield code="a">online resource (190 pages)</subfield>
	</datafield>
	<datafield ind1=" " ind2=" " tag="336">
		<subfield code="a">text</subfield>
		<subfield code="2">rdacontent</subfield>
	</datafield>
	<datafield ind1=" " ind2=" " tag="337">
		<subfield code="a">computer</subfield>
		<subfield code="2">rdamedia</subfield>
	</datafield>
	<datafield ind1=" " ind2=" " tag="338">
		<subfield code="a">online resource</subfield>
		<subfield code="2">rdacarrier</subfield>
	</datafield>
	<datafield ind1=" " ind2=" " tag="500">
		<subfield code="a">Part of the Arabic Collections Online (ACO) project, contributed by American University of Beirut's Jafet Memorial Library.</subfield>
	</datafield>
	<datafield ind1=" " ind2=" " tag="533">
		<subfield code="a">Electronic reproduction.</subfield>
		<subfield code="b">New York, N.Y. :</subfield>
		<subfield code="c">New York University,</subfield>
		<subfield code="d">2017.</subfield>
		<subfield code="5">NNU</subfield>
	</datafield>
	<datafield ind1=" " ind2="0" tag="650">
		<subfield code="6">880-07</subfield>
		<subfield code="a">Faith (Islam)</subfield>
		<subfield code="x">Early works to 1800.</subfield>
	</datafield>
	<datafield ind1=" " ind2="0" tag="650">
		<subfield code="6">880-08</subfield>
		<subfield code="a">Islamic philosophy</subfield>
		<subfield code="v">Early works to 1800.</subfield>
	</datafield>
	<datafield ind1="1" ind2=" " tag="700">
		<subfield code="6">880-09</subfield>
		<subfield code="a">Ḥalabī, Muḥammad Badr al-Dīn al-Naʻsānī,</subfield>
		<subfield code="e">corrector.</subfield>
	</datafield>
	<datafield ind1="2" ind2=" " tag="710">
		<subfield code="a">Jafet Memorial Library.</subfield>
	</datafield>
	<datafield ind1="0" ind2=" " tag="730">
		<subfield code="a">Arabic Collections Online.</subfield>
	</datafield>
	<datafield ind1="0" ind2="8" tag="776">
		<subfield code="i">Print version:</subfield>
		<subfield code="a">Ibn Taymīyah, Aḥmad ibn ʻAbd al-Ḥalīm, 1263-1328, author.</subfield>
		<subfield code="t">Kitāb al-Īmān</subfield>
		<subfield code="w">(LeBAU)b12362098</subfield>
	</datafield>
	<datafield ind1="4" ind2="0" tag="856">
		<subfield code="u">http://hdl.handle.net/2333.1/djh9w5m5</subfield>
	</datafield>
	<datafield ind1="1" ind2=" " tag="880">
		<subfield code="6">100-01</subfield>
		<subfield code="a">ابن تيمية، احمد بن عبد الحليم،‪‪‪‪‪‪‪</subfield>
		<subfield code="d">1263-1328،</subfield>
		<subfield code="e">مؤلف.‪‪‪‪‪‪‪</subfield>
		<subfield code="4">aut.</subfield>
	</datafield>
	<datafield ind1="1" ind2="0" tag="880">
		<subfield code="6">245-02</subfield>
		<subfield code="a">كتاب الإيمان /‪‪‪‪‪‪‪</subfield>
		<subfield code="c">تأليف شيخ الإسلام تقي الدين أبي العباس أحمد بن تيمية الحراني المتوفى سنة 728 ؛ عني بتصحيحه السيد محمد بدر الدين النعساني الحلبي.‪‪‪‪‪‪‪</subfield>
	</datafield>
	<datafield ind1="3" ind2="0" tag="880">
		<subfield code="6">246-03</subfield>
		<subfield code="a">إيمان‪‪‪‪‪‪‪</subfield>
	</datafield>
	<datafield ind1=" " ind2=" " tag="880">
		<subfield code="6">250-04</subfield>
		<subfield code="a">الطبعة الأولى.‪‪‪‪‪‪‪</subfield>
	</datafield>
	<datafield ind1=" " ind2="1" tag="880">
		<subfield code="6">264-05</subfield>
		<subfield code="a">مصر :‪‪‪‪‪‪‪</subfield>
		<subfield code="b">مطبعة السعادة،‪‪‪‪‪‪‪</subfield>
		<subfield code="c">1325 هـ.، [1907؟ م.]‪‪‪‪‪‪‪</subfield>
	</datafield>
	<datafield ind1=" " ind2=" " tag="880">
		<subfield code="6">300-06</subfield>
		<subfield code="a">190 صفحة ؛‪‪‪‪‪‪‪</subfield>
		<subfield code="c">27 سم‪‪‪‪‪‪‪</subfield>
	</datafield>
	<datafield ind1=" " ind2="4" tag="880">
		<subfield code="6">650-07</subfield>
		<subfield code="a">الايمان (الاسلام)‪‪‪‪‪‪‪</subfield>
		<subfield code="v">اعمال قديمة حتى 1800.‪‪‪‪‪‪‪</subfield>
	</datafield>
	<datafield ind1=" " ind2="4" tag="880">
		<subfield code="6">650-08</subfield>
		<subfield code="a">الفلسفة الاسلامية‪‪‪‪‪‪‪</subfield>
		<subfield code="v">اعمال قديمة حتى 1800.‪‪‪‪‪‪‪</subfield>
	</datafield>
	<datafield ind1="1" ind2=" " tag="880">
		<subfield code="6">700-09</subfield>
		<subfield code="a">الحلبي، محمد بدر الدين النعساني،‪‪‪‪‪‪‪</subfield>
		<subfield code="e">مصحح.‪‪‪‪‪‪‪</subfield>
		<subfield code="4">crr.</subfield>
	</datafield>
	<datafield ind1=" " ind2=" " tag="959">
		<subfield code="a">NNU</subfield>
		<subfield code="b">WEB</subfield>
		<subfield code="c">GENI</subfield>
		<subfield code="t">0</subfield>
		<subfield code="m">Electronic access</subfield>
		<subfield code="s">01</subfield>
	</datafield>
	<datafield ind1=" " ind2=" " tag="999">
		<subfield code="i">LeBAU_b12362098</subfield>
		<subfield code="s">aub_aco001094</subfield>
		<subfield code="e">(ERROR-MISC)</subfield>
		<subfield code="s">aub_aco001094</subfield>
	</datafield>
</record>
